<collection xmlns="http://www.loc.gov/MARC21/slim">
<record>
  <leader>02102nam0a22003371i 450 </leader>
  <controlfield tag="001">IT\ICCU\CNCE\025796</controlfield>
  <controlfield tag="005">20110415000000.0</controlfield>
  <datafield tag="012" ind1=" " ind2=" ">
    <subfield code="a">odo- o.as i-m, Ecpr (3) 1558 (R)</subfield>
    <subfield code="2">fei</subfield>
  </datafield>
  <datafield tag="100" ind1=" " ind2=" ">
    <subfield code="a">19971001d1558        0itac0103    ba</subfield>
  </datafield>
  <datafield tag="101" ind1=" " ind2=" ">
    <subfield code="a">LAT</subfield>
  </datafield>
  <datafield tag="102" ind1=" " ind2=" ">
    <subfield code="a">IT</subfield>
  </datafield>
  <datafield tag="200" ind1="1" ind2=" ">
    <subfield code="a">℗Victorini Pictauiensis episcopi ℗In Apocalypsin beati Ioannis scholia, quae diuus Hieronymus partim auxit, partim vbi scriptorum vitio corrupta fuerant, restituit, ablatis inde, que ille iuxta literam senserat. His adiecimus annotationes quibus loci aliquot partim corrupti restituuntur, partim difficiliores explicantur. Ea nunc primum Bibliotheca Casinensis publicae vtilitati prospiciens in lucem profert</subfield>
  </datafield>
  <datafield tag="210" ind1=" " ind2=" ">
    <subfield code="e">Bononiae</subfield>
    <subfield code="g">Antonius Giaccarellus &amp; Peregrinus Bonardus socii excudebant</subfield>
    <subfield code="h">1558. Cal. Iuliis</subfield>
  </datafield>
  <datafield tag="215" ind1=" " ind2=" ">
    <subfield code="a">67, \5! p.</subfield>
    <subfield code="d">8ʻ</subfield>
  </datafield>
  <datafield tag="620" ind1=" " ind2=" ">
    <subfield code="a">IT</subfield>
    <subfield code="d">Bologna</subfield>
  </datafield>
  <datafield tag="700" ind1=" " ind2="0">
    <subfield code="a">Victorinus</subfield>
    <subfield code="c"> : Poetovionensis</subfield>
    <subfield code="3">IT\ICCU\CNCA\007601</subfield>
  </datafield>
  <datafield tag="702" ind1=" " ind2="0">
    <subfield code="a">Hieronymus</subfield>
    <subfield code="c"> &lt;santo&gt;</subfield>
    <subfield code="3">IT\ICCU\CNCA\001138</subfield>
  </datafield>
  <datafield tag="712" ind1="0" ind2="0">
    <subfield code="a">Giaccarelli, Antonio &amp; Bonardo, Pellegrino</subfield>
    <subfield code="3">IT\ICCU\CNCT\000901</subfield>
    <subfield code="4">650</subfield>
  </datafield>
  <datafield tag="790" ind1=" " ind2="0">
    <subfield code="a">Victorinus</subfield>
    <subfield code="c"> &lt;sanctus&gt;</subfield>
    <subfield code="3">IT\ICCU\CNCA\025744</subfield>
    <subfield code="z">Victorinus : Poetovionensis</subfield>
  </datafield>
  <datafield tag="790" ind1=" " ind2="0">
    <subfield code="a">Girolamo</subfield>
    <subfield code="c"> &lt;santo&gt;</subfield>
    <subfield code="3">IT\ICCU\CNCA\014199</subfield>
    <subfield code="z">Hieronymus &lt;santo&gt;</subfield>
  </datafield>
  <datafield tag="790" ind1=" " ind2="0">
    <subfield code="a">Hieronymus</subfield>
    <subfield code="c"> : Stridonensis</subfield>
    <subfield code="3">IT\ICCU\CNCA\022834</subfield>
    <subfield code="z">Hieronymus &lt;santo&gt;</subfield>
  </datafield>
  <datafield tag="801" ind1=" " ind2="3">
    <subfield code="a">IT</subfield>
    <subfield code="b">ICCU</subfield>
    <subfield code="c">20201114</subfield>
  </datafield>
  <datafield tag="899" ind1=" " ind2=" ">
    <subfield code="a">Biblioteca civica A. Mai. Bergamo</subfield>
    <subfield code="1">BG0026</subfield>
    <subfield code="2">LO1 02</subfield>
  </datafield>
  <datafield tag="899" ind1=" " ind2=" ">
    <subfield code="a">Biblioteca Apostolica Vaticana. Citt ̉del Vaticano</subfield>
    <subfield code="1">EX0001</subfield>
    <subfield code="2">ZCV 01</subfield>
  </datafield>
  <datafield tag="899" ind1=" " ind2=" ">
    <subfield code="a">Biblioteca universitaria. Padova</subfield>
    <subfield code="z">MUTILO</subfield>
    <subfield code="1">PD0158</subfield>
    <subfield code="2">PUV 00</subfield>
  </datafield>
  <datafield tag="899" ind1=" " ind2=" ">
    <subfield code="a">Biblioteca comunale San Benedetto. Norcia</subfield>
    <subfield code="1">PG0070</subfield>
    <subfield code="2">UM1 22</subfield>
  </datafield>
  <datafield tag="899" ind1=" " ind2=" ">
    <subfield code="a">Biblioteca universitaria Alessandrina. Roma</subfield>
    <subfield code="1">RM0280</subfield>
    <subfield code="2">RML 01</subfield>
  </datafield>
  <datafield tag="899" ind1=" " ind2=" ">
    <subfield code="a">Biblioteca Vallicelliana. Roma</subfield>
    <subfield code="1">RM0281</subfield>
    <subfield code="2">RML 08</subfield>
  </datafield>
  <datafield tag="899" ind1=" " ind2=" ">
    <subfield code="a">Biblioteca Angelica. Roma</subfield>
    <subfield code="1">RM0290</subfield>
    <subfield code="2">RML 06</subfield>
  </datafield>
  <datafield tag="899" ind1=" " ind2=" ">
    <subfield code="a">Biblioteca statale del Monumento nazionale. Cava dei Tirreni</subfield>
    <subfield code="z">MUTILO</subfield>
    <subfield code="1">SA0088</subfield>
    <subfield code="2">NAP 95</subfield>
  </datafield>
  <datafield tag="921" ind1=" " ind2=" ">
    <subfield code="a">IT\ICCU\CNCM\000770</subfield>
    <subfield code="b">Ercole con la clava uccide l&apos;idra di Lerna. In cornice formata da un ramo di palma ed uno di olivo</subfield>
    <subfield code="c">Z490</subfield>
    <subfield code="f">ERCOLE</subfield>
    <subfield code="f">CLAVA</subfield>
    <subfield code="f">IDRA</subfield>
    <subfield code="f">PALMA</subfield>
    <subfield code="f">OLIVO</subfield>
    <subfield code="g">1550-1582</subfield>
  </datafield>
</record>
</collection>
